2867 4325
499 909 717 972 ANCIENT
752 909 972 973 SOURCES

407 1101 492 1159 FOR
522 1101 614 1158 THE
643 1102 743 1158 LIFE
771 1101 827 1160 OF
856 1102 1053 1174 JUVENAL

345 1517 375 1577 T
371 1517 410 1578 he
434 1516 623 1598 Biograplty
646 1518 688 1597 of
706 1516 759 1576 tlte
786 1515 892 1580 Codex
914 1515 1120 1579 pithoeanus

253 1690 362 1748 Iunius
375 1690 542 1759 Iuvenalis,
557 1688 696 1747 libertini
709 1688 875 1764 locupletis
891 1689 1044 1748 incertum
1060 1699 1108 1748 est
1120 1689 1202 1748 filius
1217 1709 1260 1747 an

184 1796 185 1800 ’
211 1790 361 1860 alumnus,
379 1789 420 1847 ad
439 1788 573 1846 mediam
592 1790 657 1846 fere
676 1797 812 1847 aetatem
831 1788 1028 1859 declamavit,
1046 1789 1143 1846 animi
1159 1789 1261 1866 magis

211 1908 406 1964 causaquam
415 1889 500 1963 quod
511 1907 544 1946 se
554 1889 681 1947 scholae
691 1898 745 1946 aut
754 1889 824 1946 foro
835 1898 1044 1963 praepararet.
1062 1889 1176 1946 deinde
1186 1908 1260 1963 pau-

211 2008 316 2048 corum
328 2007 472 2046 versuum
480 1998 586 2046 satura
595 2007 659 2045 non
668 1987 803 2046 absurde
814 1988 980 2062 conposita
990 1989 1020 2045 in
1030 1989 1174 2047 Paridem
1185 2007 1261 2063 pan-

210 2089 373 2148 tomimum
389 2097 577 2164 poetamque
591 2089 657 2146 eius
673 2087 899 2146 semenstribus
917 2087 1070 2147 militiolis
1085 2098 1259 2146 tumentem

210 2209 309 2267 genus
324 2190 498 2265 scripturae
514 2189 704 2248 industriose
726 2189 870 2247 excoluit.
895 2198 926 2247 et
942 2199 1047 2247 tamen
1063 2189 1115 2247 diu
1137 2208 1176 2247 ne
1197 2207 1257 2245 mo-

211 2290 283 2348 dico
296 2290 422 2364 quidem
437 2289 594 2347 auditorio
606 2289 775 2363 quicquam
787 2288 982 2346 committere
994 2298 1042 2347 est
1054 2308 1154 2347 ausus.
1186 2307 1259 2345 mox

211 2408 327 2466 magna
341 2389 518 2464 frequentia
533 2406 709 2465 magnoque
725 2406 871 2447 successu
887 2388 936 2446 bis
952 2406 989 2446 ac
1000 2398 1047 2448 ter
1060 2388 1185 2447 auditus
1200 2397 1256 2457 est,

210 2498 245 2547 ut
260 2508 297 2547 ea
312 2506 436 2563 quoque
451 2506 530 2563 quae
547 2487 646 2562 prima
661 2488 780 2545 fecerat
795 2487 955 2546 inferciret
971 2488 1060 2545 novis
1075 2486 1202 2562 scriptis

252 2656 337 2730 quod
353 2674 417 2712 non
434 2656 511 2713 dant
528 2673 680 2729 proceres,
699 2654 790 2712 dabit
811 2653 932 2712 histrio.
980 2662 1013 2712 tu
1030 2652 1215 2712 Camerinos

252 2765 284 2813 et
300 2756 422 2824 Bareas
440 2763 474 2813 tu
490 2749 642 2812 nobilium
658 2773 773 2830 magna
789 2754 870 2811 atria
886 2755 999 2812 curas?
1024 2780 1028 2786 ·

253 2856 429 2930 praefectos
446 2853 580 2928 Pelopea
595 2854 683 2924 facit,
703 2853 877 2911 Philomela
893 2853 1045 2911 tribunos.

251 3031 319 3078 erat
349 3030 413 3078 tum
445 3020 476 3076 in
507 3019 627 3078 deliciis
659 3019 748 3077 aulae
777 3019 889 3077 histrio
920 3019 1069 3092 multique
1099 3020 1255 3077 fautorum

209 3121 276 3179 eius
292 3119 423 3178 cottidie
438 3119 700 3193 provehebantur.
744 3119 830 3177 venit
845 3137 919 3195 ergo
937 3118 1096 3176 Iuvenalis
1113 3117 1256 3192 insuspi-

209 3220 342 3289 cionem,
369 3219 460 3293 quasi
490 3228 631 3294 tempora
661 3220 793 3296 figurate
823 3228 972 3289 notasset,
1000 3237 1036 3276 ac
1066 3217 1173 3275 statim
1201 3235 1256 3291 per

209 3321 361 3377 honorem
384 3302 513 3377 militiae
535 3338 724 3394 quamquam
744 3320 965 3397 octogenarius
985 3318 1062 3377 urbe
1082 3329 1255 3377 summotus

208 3429 257 3478 est
280 3419 454 3494 missusque
478 3419 518 3477 ad
542 3420 771 3493 praefecturam
793 3420 933 3477 cohortis
957 3419 988 3476 in
1010 3429 1148 3478 extrema
1166 3428 1256 3494 parte

209 3519 370 3578 tendentis
382 3519 527 3596 Aegypti.
574 3518 607 3576 id
622 3518 768 3593 supplicii
783 3537 882 3595 genus
897 3518 1024 3593 placuit,
1037 3528 1072 3577 ut
1084 3518 1146 3577 levi
1161 3527 1256 3593 atque

210 3619 339 3678 ioculari
353 3619 471 3678 delicto
484 3638 540 3694 par
552 3627 642 3677 esset.
689 3636 793 3675 verum
807 3618 890 3675 intra
902 3618 1120 3676 brevissimum
1132 3628 1255 3693 tempus

209 3737 326 3796 angore
341 3729 372 3778 et
389 3718 495 3777 taedio
513 3718 613 3793 periit.
