2867 4325
578 327 724 381 SATVRA
749 332 815 382 XIV

177 522 241 583 qua
257 510 352 581 pater
368 501 540 575 abstinuit,
560 522 636 563 mox
654 511 687 563 et
704 501 878 582 praeputia
894 509 1023 582 ponunt
1037 522 1043 576 ;

179 611 347 672 Romanas
364 619 475 673 autem
492 609 582 671 soliti
600 618 816 671 contemnere
832 607 925 691 leges

179 718 349 781 Iudaicum
368 718 521 781 ediscunt
540 728 573 781 et
591 726 724 780 servant
742 738 780 780 ac
797 726 951 780 metuunt
970 717 1020 780 ius

177 826 313 889 tradidit
330 846 450 890 arcano
468 828 698 908 quodcumque
715 824 884 888 volumine
902 826 1048 909 Moyses,

178 956 244 997 non
263 944 449 997 monstrare
465 935 534 997 vias
552 934 667 997 eadem
686 934 752 997 nisi
769 954 862 997 sacra
879 933 1011 1008 colenti,

177 1044 365 1125 quaesitum
381 1043 422 1105 ad
439 1043 567 1105 iontem
586 1041 674 1105 solos
692 1042 857 1105 deducere
873 1062 1001 1123 verpos.

179 1151 237 1214 sed
254 1160 349 1232 pater
366 1151 399 1213 in
418 1171 526 1227 causa,
542 1150 595 1214 cui
612 1150 755 1231 septima
771 1170 921 1233 quaeque
938 1150 1001 1213 fuit
1019 1150 1074 1212 lux
1171 1178 1220 1229 {05

178 1260 298 1342 ignava
315 1269 348 1323 et
365 1269 493 1341 partem
510 1260 598 1321 vitae
616 1279 682 1321 non
700 1258 814 1341 attigit
831 1259 973 1338 ullamy

226 1367 355 1451 Sponte
372 1378 484 1431 tamen
503 1368 639 1430 iuvenes
656 1366 832 1429 imitantur
848 1376 969 1443 cetera,
988 1367 1091 1431 solam

180 1476 275 1538 inviti
293 1496 424 1558 quoque
441 1475 611 1539 avaritiam
630 1496 785 1538 exercere
803 1475 969 1539 iubentur.

179 1584 265 1647 fallit
283 1584 369 1647 enim
389 1584 507 1647 vitium
526 1584 637 1665 specie
653 1583 788 1647 virtutis
806 1593 839 1646 et
857 1585 982 1658 umbra,

180 1714 256 1756 cum
274 1693 316 1756 sit
334 1694 430 1755 triste
447 1692 563 1756 habitu
579 1691 741 1774 vultuque
758 1702 791 1754 et
809 1702 903 1755 veste
920 1712 1083 1768 severum,
1176 1720 1222 1755 110

181 1822 242 1864 nec
259 1801 360 1865 dubie
378 1810 547 1884 tamquam
565 1800 655 1883 frugi
671 1799 826 1863 laudetur
842 1822 969 1876 avarus,

179 1920 352 1992 tamquam.
365 1930 484 1991 parcus
502 1910 602 1972 homo
619 1918 652 1972 et
671 1930 781 1971 rerum
798 1910 906 1972 tutela
924 1901 1057 1973 suarum

181 2028 272 2082 certa
288 2019 395 2101 magis
411 2039 510 2101 quam
528 2018 556 2081 si
572 2018 725 2080 fortunas
743 2027 851 2081 servet
870 2019 1002 2081 easdem

182 2127 409 2210 Hesperidum
427 2146 564 2209 serpens
582 2136 638 2189 aut
658 2126 825 2192 Ponticus.
862 2127 947 2190 adde
963 2128 1052 2209 quod
1065 2127 1163 2202 hunc,
1182 2129 1223 2190 de

180 2313 210 2358 ab
225 2313 275 2375 (11.
290 2310 335 2368 26;
350 2325 387 2375 13.
404 2311 469 2375 122),
482 2327 512 2358 or
524 2311 569 2358 the
581 2311 677 2368 dative,

181 2392 209 2426 as
222 2378 246 2426 in
262 2378 327 2425 Hor.
343 2379 370 2426 C.
384 2377 430 2425 IV.
442 2391 466 2440 9.
480 2392 511 2441 29
523 2378 601 2426 distat
612 2380 677 2425 iner-

181 2447 231 2492 tiae
242 2445 333 2492 virtus.

214 2524 254 2575 99.
273 2511 424 2574 praeputia
437 2519 556 2573 ponunt,
569 2527 614 2558 are
631 2513 677 2559 eir-

181 2579 311 2627 cumcised.

218 2658 271 2693 100.
290 2652 474 2692 contemnere
486 2644 586 2706 leges:
605 2645 677 2692 Taci-

182 2718 224 2760 tus
235 2712 314 2775 (Hist.
325 2710 357 2757 V.
368 2711 391 2774 5)
402 2725 460 2774 says
469 2710 525 2758 that
534 2711 676 2774 proselytes

181 2793 224 2825 are
237 2776 331 2840 taught
342 2782 498 2824 contemnere
509 2778 572 2834 deos,
586 2794 677 2826 exuere

176 2847 302 2906 patriam,
321 2851 441 2906 parentes
464 2844 555 2892 liberos
575 2845 677 2908 fratres

180 2913 244 2958 vileir
256 2911 353 2960 habere.

217 2991 270 3026 102.
306 2990 411 3025 arcano
440 2977 598 3026 volumine:
633 2978 677 3026 the

182 3043 351 3093 Pentateuch.

217 3125 270 3174 103.
300 3125 358 3159 non
387 3118 558 3169 monstrare,
588 3111 677 3160 dedu-

181 3192 263 3226 cere:
279 3177 513 3240 appositives'with
526 3178 676 3227 Iudaicum

181 3246 241 3304 ius;
256 3244 288 3293 ci.
302 3245 364 3292 Tac.
377 3245 446 3292 Hist.
459 3245 492 3292 V.
507 3257 519 3308 5
531 3245 604 3307 opud
612 3248 677 3308 ipsos

176 3312 241 3375 fides
253 3313 382 3370 obstinata,
395 3313 440 3359 sed
452 3312 575 3359 adversus
592 3328 677 3360 ornnes

180 3380 245 3427 alios
256 3379 344 3427 hostile
356 3380 449 3428 odium.

217 3461 271 3506 104.
289 3461 402 3510 verpos,
416 3448 457 3496 the
468 3450 637 3497 circumcised.

217 3514 270 3564 106.
305 3515 428 3578 ignava:
457 3514 490 3564 cf.
525 3515 586 3564 Tac.
611 3517 677 3563 Hist.

182 3583 213 3630 V.
233 3598 248 3643 4
265 3584 368 3645 septimo
391 3585 431 3631 die
454 3584 531 3631 otium
551 3584 679 3646 placuisse

179 3651 281 3714 serunt,
310 3651 372 3713 quia
400 3652 423 3697 e's
443 3650 527 3712 finem
562 3651 676 3698 laborum

181 3717 272 3764 tulerit
279 3732 289 3772 ,·
301 3717 360 3764 dein
371 3717 511 3765 blandiente
524 3719 616 3765 inertia
628 3725 678 3778 sep-

181 3784 272 3831 timum
303 3799 399 3846 qnoque
432 3799 530 3832 annum
561 3785 678 3847 r'gnam'ae

171 3850 278 3896 'dutum

766 2311 886 2372 107-160.
917 2312 1002 2376 Every
1037 2311 1091 2359 vice
1132 2320 1223 2374 except

730 2377 831 2426 avarice
843 2377 887 2426 the
900 2392 987 2442 young
1004 2392 1071 2442 copy
1082 2377 1223 2442 willingly3

729 2445 756 2491 in
780 2443 831 2492 this
856 2444 932 2492 alone
961 2443 1023 2509 they
1051 2458 1094 2492 are
1124 2443 1224 2493 trained

730 2511 832 2573 against
851 2510 917 2558 their
929 2510 988 2569 will,
1002 2509 1053 2558 and
1070 2525 1114 2559 are
1131 2511 1224 2573 taught

729 2584 757 2624 to
767 2578 877 2640 practise
889 2592 1034 2633 meanness,
1044 2576 1100 2625 first
1112 2578 1137 2625 in
1149 2579 1224 2626 small

730 2644 825 2707 things,
837 2643 900 2691 then
912 2644 939 2691 in
951 2652 1030 2706 great.

764 2725 818 2773 109.
838 2711 929 2760 enim:
949 2710 1010 2774 they
1021 2711 1133 2772 prectise
1149 2711 1168 2758 it
1182 2727 1225 2759 un-

730 2777 856 2842 willingly‚
868 2777 910 2824 for
921 2777 940 2825 it
955 2777 1032 2825 looks
1044 2784 1072 2825 to
1091 2777 1161 2826 them
1173 2777 1225 2826 like

731 2860 747 2892 a
767 2844 1005 2906 virtue—specie
1029 2844 1162 2893 virtutis:
1191 2844 1223 2892 ci.

732 2913 797 2959 Hor.
821 2913 854 2959 A.
874 2913 905 2959 P.
931 2924 962 2975 25
985 2912 1128 2973 decipimur
1149 2913 1225 2973 specie

731 2981 798 3026 recti.

766 3058 819 3092 111.
837 3053 986 3107 tamquam
999 3045 1089 3108 frugi:
1113 3044 1145 3092 cf.
1160 3045 1224 3092 Hor.

730 3114 756 3160 S.
770 3112 790 3159 Ι.
804 3126 826 3176 3.
840 3125 872 3174 49
885 3115 994 3173 parcius
1011 3112 1051 3159 hie
1062 3113 1132 3169 vivit,
1146 3113 1226 3176 frugi

729 3180 838 3226 dicatur.

765 3259 818 3292 112.
836 3246 943 3294 tutela:
967 3245 1080 3294 abstract
1102 3245 1145 3293 for
1167 3260 1227 3293 con·

729 3319 815 3370 crete;
835 3313 899 3360 Hor.
915 3315 941 3361 C.
956 3313 1002 3359 1v.
1017 3325 1055 3370 14.
1067 3326 1100 3375 43
1118 3328 1131 3359 o
1148 3314 1225 3360 tutela

724 3386 847 3442 praesens
859 3381 958 3427 Italiae.

768 3461 819 3507 114.
856 3447 1053 3511 Hesperidum
1087 3460 1224 3510 serpens:

731 3515 775 3563 the
798 3513 1026 3563 hundred-headed
1044 3522 1150 3577 serpent
1169 3522 1226 3561 sent

731 3582 765 3647 by
790 3583 860 3631 Here
889 3591 917 3631 to
945 3583 1026 3646 guard
1056 3582 1101 3631 the
1125 3582 1225 3646 -golden

731 3650 821 3712 apples
833 3650 862 3698 oi
874 3650 918 3698 the
931 3649 1097 3713 Hesperides.
1107 3677 1141 3685 —
1149 3651 1226 3698 Pon-

731 3718 821 3766 ticus:
839 3717 883 3765 the
906 3717 1006 3780 dragon
1030 3717 1087 3765 thet
1110 3716 1224 3779 guarded

731 3784 775 3832 the
793 3783 888 3847 golden
907 3783 1116 3833 fleece-adde
1134 3783 1224 3845 quod:

731 3851 763 3899 cf·
781 3863 818 3915 15·
831 3863 871 3912 47.
