2867 4325
581 328 728 375 SATVRA
753 330 818 377 XIV

179 493 259 557 illud
277 514 343 557 non
360 495 475 577 agitas
495 506 531 559 ut
548 506 699 560 sanctam
717 497 803 561 filius
820 499 910 561 omni

178 602 317 684 aspiciat
336 603 409 666 sine
425 604 500 667 labe
516 605 650 667 domum
667 605 817 689 vitioque
834 608 1023 671 carentem?

179 720 310 793 gratum
328 721 380 775 est
398 713 486 795 quod
502 714 629 795 patriae
646 713 753 779 civem
770 714 960 798 populoque
978 716 1108 792 dedisti,
1191 745 1222 792 70

179 818 208 883 si
223 820 307 883 iacis
325 829 361 883 ut
377 821 505 901 patriae
521 821 564 884 sit
583 822 733 898 idoneus,
753 822 845 887 utilis
862 824 960 906 agris,

178 927 270 1026 utilis
288 937 322 991 et
339 928 500 993 bellorum
518 939 551 992 et
568 930 661 1012 pacis
678 932 945 1015 rebusagendis.

178 1024 356 1117 plurimum
370 1018 459 1101 enirn
473 1037 625 1101 intererit
636 1039 758 1121 quibus
769 1041 896 1104 artibus
907 1051 940 1104 et
952 1041 1074 1123 quibus
1084 1042 1172 1105 hunc
1184 1051 1221 1103 tu

179 1146 326 1209 moribus
344 1145 507 1211 instituas.
557 1157 713 1229 serpente
730 1148 858 1212 ciconia
874 1149 982 1231 pullos

178 1254 284 1317 nutrit
302 1262 335 1317 et
353 1254 490 1317 inventa
505 1275 565 1337 per
581 1256 676 1319 devia
692 1277 769 1319 rura
785 1257 928 1320 lacerta:
1190 1283 1220 1335 75

178 1362 225 1426 illi
242 1364 357 1426 eadem
376 1364 516 1444 sumptis
533 1373 697 1447 quaerunt
713 1364 871 1429 animalia
885 1366 1005 1447 pinnis.

177 1473 289 1535 vultur
305 1471 454 1535 iumento
472 1481 506 1535 et
522 1472 661 1536 canibus
678 1473 898 1556 crucibusque
915 1474 1039 1537 relictis

177 1581 219 1644 ad
235 1581 326 1644 fetus
343 1590 498 1663 properat
515 1591 711 1665 partemque
728 1583 898 1645 cadaveris
916 1582 1046 1645 adfert:

178 1690 232 1753 hic
250 1699 301 1753 est
318 1710 398 1773 ergo
415 1690 509 1754 cibus
527 1690 640 1773 magni
656 1711 788 1774 quoque
804 1690 945 1753 vulturis
963 1700 995 1753 et
1013 1711 1050 1753 se

177 1798 355 1880 pascentis
374 1798 507 1880 propria
523 1819 598 1862 cum
616 1798 681 1861 iam
698 1799 780 1862 facit
797 1800 915 1862 arbore
931 1798 1038 1862 nidos.
1188 1815 1222 1863 80

179 1908 238 1970 sed
255 1908 400 1989 leporem
419 1916 477 1970 aut
494 1927 645 1988 capream
662 1906 808 1970 famulae
826 1908 913 1970 Iovis
930 1917 964 1970 et
981 1927 1163 1990 generosae

178 2016 211 2078 in
230 2016 317 2079 saltu
333 2025 497 2080 venantur
513 2036 600 2090 aves,
623 2015 701 2079 hinc
718 2017 841 2097 praeda
857 2015 959 2082 cubili

177 2124 332 2208 ponitur:
357 2124 434 2189 inde
450 2133 562 2189 autem
580 2145 655 2189 cum
673 2144 709 2188 se
726 2133 856 2188 matura
872 2123 988 2188 levarit

177 2234 366 2317 progenies
385 2233 580 2297 stimulante
595 2235 684 2297 fame
701 2233 840 2296 festinat
857 2234 899 2296 ad
916 2233 1004 2297 illam

178 2342 435 2425 quamprimum
452 2344 608 2423 praedam
626 2352 725 2424 rupto
742 2351 935 2424 gustaverat
953 2362 1023 2405 ovo,
1188 2357 1221 2422 85

224 2450 432 2513 Aedificator
448 2459 518 2513 erat
537 2450 717 2514 Cretonius
735 2459 769 2513 et
786 2450 885 2512 modo
903 2470 1004 2512 curvo

212 2641 251 2703 67.
271 2641 376 2699 scobis,
386 2641 504 2698 sawdust,
511 2641 593 2690 which
603 2651 673 2691 costs
759 2655 798 2703 72·
817 2644 903 2690 rebus
916 2641 1054 2704 agendis:
1073 2640 1136 2688 Intr.
1150 2654 1188 2704 31·

179 2709 303 2772 nothing;
321 2706 355 2755 cf.
369 2707 434 2755 Hor.
446 2709 474 2756 S.
487 2708 523 2756 11.
537 2723 559 2768 4.
571 2708 601 2756 81
618 2711 674 2758 vili·
759 2721 798 2769 74.
817 2708 962 2765 instituas,
976 2708 1056 2756 train.

109 2819 111 2826 .
178 2777 224 2824 bus
239 2777 269 2823 in
286 2776 373 2837 scopis,
390 2776 419 2821 in
437 2776 544 2836 mappis,
562 2776 590 2822 in
608 2775 674 2822 scobe
758 2786 799 2838 75.
817 2774 909 2831 devia,
923 2773 1115 2838 urrsrequented.

178 2841 673 2906 quantusconsistitsumptust-haec
758 2854 798 2902 77.
818 2841 947 2890 iumento
967 2875 973 2887 .
994 2873 1001 2887 .
1021 2874 1027 2887 .
1043 2839 1165 2889 relictis:
1182 2842 1220 2889 ie.

179 2909 324 2966 emendat,
338 2923 447 2956 removes
458 2907 509 2955 this
521 2909 633 2957 blemr'sh.
725 2908 804 2973 flying
820 2907 888 2955 from
907 2907 952 2955 the
974 2920 1107 2955 carcasses
1124 2906 1153 2954 of
1169 2907 1222 2954 ani·

212 2976 252 3026 68.
271 2975 339 3025 illud
363 2988 421 3023 non
446 2975 550 3038 agitas,
574 2977 605 3023 do
621 2991 674 3038 you
726 2974 801 3033 mals,
814 2973 866 3022 and
882 2973 911 3022 of
928 2973 1013 3022 slaves
1030 2988 1064 3021 on
1082 2972 1126 3022 the
1141 2988 1220 3030 cross,

181 3047 240 3108 give
257 3060 290 3092 no
306 3043 412 3104 thought
427 3048 450 3089 to
467 3042 674 3090 thist—sauc·
726 3049 753 3090 to
771 3041 805 3088 its
822 3048 888 3090 nest.

178 3107 453 3174 tempure-omni
466 3109 543 3158 sine:
559 3109 586 3156 in
598 3109 675 3156 collo·
760 3107 798 3168 78.
817 3108 903 3165 tetus,
916 3109 949 3156 its
956 3123 1052 3170 young.

179 3180 250 3243 quial
261 3178 390 3242 language
401 3176 444 3225 ior
452 3179 507 3223 sine
518 3177 582 3233 ulla,
590 3175 674 3224 found
759 3188 799 3237 79.
819 3174 925 3237 magni,
931 3175 1096 3238 sullgrown.

178 3247 253 3296 often
265 3247 292 3294 in
305 3246 413 3294 Plautus
424 3244 475 3293 and
488 3243 611 3292 Terence.
758 3241 799 3292 81.
817 3241 943 3290 famulae
966 3240 1052 3300 lovis,
1070 3241 1112 3289 the
1128 3241 1223 3289 attend

213 3327 253 3375 70.
278 3322 392 3378 gratum
416 3320 480 3361 est:
504 3311 523 3359 it
546 3311 568 3359 is
593 3324 675 3358 some
725 3315 784 3357 ants
800 3311 832 3374 os
837 3311 908 3370 Jove,
926 3308 970 3356 the
986 3307 1088 3370 eagles;
1106 3306 1139 3355 ct.
1156 3307 1221 3353 Hor.

180 3381 256 3444 thing
267 3382 367 3460 wortlry
379 3378 604 3460 oftappreciation.
649 3447 653 3455 ¹
729 3378 764 3454 C.¹
781 3376 829 3423 IV.
852 3389 875 3435 4.
898 3389 907 3422 1
930 3376 1081 3423 ministrum
1093 3374 1222 3438 fulminis

179 3462 264 3565 soilli
275 3456 384 3580 1dilliiiii
393 3448 547 3578 quq‘qeyulqe
562 3452 675 3566 cppertercrpq
725 3445 885 3558 didcerimus
895 3527 900 3556 :
912 3511 950 3557 ie.
960 3508 1028 3557 from
1041 3508 1085 3556 the
1097 3508 1159 3555 hare
1168 3506 1221 3555 and

181 3583 213 3632 cf.
227 3583 304 3631 Auct.
321 3583 359 3630 ad
366 3583 429 3630 Her.
444 3581 497 3628 ΙΙΙ.
512 3592 525 3645 5
537 3597 578 3628 res
594 3580 677 3629 kumi—
728 3592 779 3626 roe.
788 3605 819 3613 —
830 3576 916 3626 cubili
931 3596 954 3619 =
965 3579 995 3624 in
1007 3576 1073 3625 nido.

179 3652 214 3699 Iis
225 3655 381 3698 contemnere
392 3655 501 3710 oportere
518 3663 562 3695 nec
575 3647 677 3695 idoneas
760 3644 800 3708 83.
819 3644 901 3692 inde:
919 3651 965 3691 out
977 3642 1006 3690 of
1016 3643 1061 3691 the
1073 3649 1139 3690 nest.

181 3717 303 3778 dignitate
324 3731 372 3762 sua
394 3714 512 3762 dedicare.
560 3713 610 3761 But
633 3711 677 3760 the
761 3710 851 3775 86-95.
870 3709 1010 3759 Cretonius
1022 3708 1102 3758 hada
1116 3708 1222 3770 passion

181 3781 294 3832 ablative
300 3780 361 3830 with
371 3779 504 3829 idoneusis
514 3777 678 3843 exceedingly
728 3778 771 3826 for
781 3776 905 3839 building‚
917 3776 968 3824 and
980 3783 1056 3838 spent
1068 3776 1093 3822 in
1107 3775 1159 3824 this
1167 3789 1223 3838 way

181 3864 243 3898 rare.
729 3860 745 3893 a
762 3844 831 3908 good
849 3851 907 3906 part
925 3842 953 3891 of
970 3842 1010 3890 his
1027 3848 1163 3906 property3
1181 3840 1223 3888 his
