2867 4325
466 353 637 402 ANCIENT
662 353 831 403 SOURCES

380 581 447 644 The
469 581 665 662 Inscnptien
688 591 727 642 at
749 580 921 661 Aquinum

508 735 655 818 [Cere]ri
671 755 794 796 sacmm

465 839 522 918 [D.
541 837 669 916 Iu]nius
686 837 846 896 Iuvenalis

406 936 514 1018 [trib]
531 938 591 995 coh
608 936 661 1016 [I]
680 937 896 996 Delmatarum

481 1039 514 1095 II
532 1038 579 1095 vir
594 1037 701 1113 quinq.
720 1038 833 1096 flamen

518 1137 584 1196 divi
599 1138 789 1213 Vespasiani

464 1238 550 1296 vovit
571 1237 831 1316 dedicav[itq]ue

589 1355 644 1396 sua
661 1356 726 1412 pec.

360 1572 550 1652 References
576 1570 612 1632 in
635 1570 778 1633 Amient
804 1571 939 1633 Writers

174 1730 339 1798 Mirum,
357 1729 432 1784 VII.
452 1747 498 1797 ²4·
520 1728 576 1784 1-6
593 1736 671 1804 (ruo.
689 1728 753 1806 92).

216 1863 295 1920 Cum
312 1861 461 1918 Iuvenale
478 1879 546 1918 meo
562 1879 641 1935 quae
657 1879 705 1918 me
723 1861 918 1919 committere
934 1860 1077 1937 temptas

257 1961 333 2036 quid
349 1979 411 2017 non
430 1959 568 2029 audebis,
583 1959 702 2034 perfida
719 1960 834 2036 lingua,
851 1960 959 2036 loqui?

216 2072 246 2120 te
262 2062 399 2138 fingente
415 2061 503 2117 nefas
521 2059 660 2136 Pyladen
676 2060 795 2119 odisset
812 2063 948 2132 Orestes,

257 2164 380 2221 Thesea
397 2160 531 2219 Pirithoi
546 2159 742 2220 destituisset
758 2181 853 2232 amor,

216 2273 250 2321 tu
266 2263 386 2322 Siculos
401 2264 514 2321 iratres
529 2272 561 2320 et
576 2262 676 2320 maius
692 2281 806 2320 nomen
822 2263 953 2321 Atridas

257 2373 288 2421 et
304 2363 409 2421 Ledae
425 2373 551 2437 poteras
567 2362 739 2420 dissociare
755 2381 861 2439 genus.

215 2514 290 2570 VII.
304 2534 351 2590 91.
369 2533 433 2570 1-2.

258 2672 261 2679 Δ
342 2648 389 2704 De
405 2656 522 2716 nostrO,
540 2647 684 2717 facunde,
702 2646 769 2715 tibi,
789 2646 955 2715 Iuvenalis,
974 2647 1075 2722 agello

382 2744 607 2833 Saturnalicias
624 2745 777 2803 mittimus
792 2763 866 2803 ecce
882 2763 985 2803 nuces.

216 2897 290 2952 XII.
311 2895 523 2972 18.1-9(A.D.
545 2895 625 2974 101).

341 3028 424 3085 Dum
440 3038 473 3086 tu
488 3027 621 3085 forsitan
639 3028 799 3101 inquietus
814 3046 898 3086 erras

340 3127 485 3197 clamosa,
504 3126 672 3196 Iuvenalis,
691 3126 723 3183 in
740 3126 861 3184 Subura

340 3234 393 3285 aut
409 3226 520 3285 collem
539 3225 686 3284 dominae
702 3226 778 3283 teris
796 3226 926 3297 Dianae,

339 3326 413 3384 dum
428 3345 483 3401 per
498 3326 607 3384 limina
623 3335 654 3384 te
671 3325 884 3400 potentiorum

339 3426 481 3486 sudatrix
496 3437 570 3505 toga
586 3427 719 3485 ventilat
735 3445 910 3503 vagumque

339 3527 438 3585 maior
454 3528 579 3586 Caelius
594 3537 626 3587 et
640 3528 744 3585 minor
758 3527 904 3605 fatigant,

339 3644 387 3685 me
403 3628 518 3687 multos
534 3628 668 3703 repetita
683 3637 756 3703 post
773 3627 955 3687 decembres

340 3727 464 3802 accepit
480 3746 548 3787 mea
564 3727 775 3803 rusticumque
790 3728 867 3786 fecit

340 3844 415 3885 auro
432 3826 554 3886 Bilbilis
570 3837 600 3886 et
617 3828 752 3903 superba
767 3828 858 3885 terro.
