2867 4325
223 320 274 370 216

645 322 848 370 IVVENALIS

225 490 389 552 communi
406 490 483 553 dare
501 489 594 571 signa
610 490 699 564 tuba,
718 489 890 552 defendier
906 488 1009 552 isdem

224 596 369 660 turribus
385 607 485 679 atque
502 614 567 659 una
582 608 750 678 portarum
770 597 861 659 clave
877 597 991 660 teneri.

225 706 282 768 sed
300 703 362 766 iam
381 692 572 786 serpentum
590 705 691 768 maior
709 704 900 781 concordia;
923 704 1026 786 parcit

225 812 373 896 cognatis
390 812 526 875 maculis
544 812 657 876 similis
674 814 752 876 iera.
803 814 935 894 quando
952 812 1038 876 leoni
1224 826 1272 877 160

223 921 339 985 fortior
356 920 473 1002 eripuit
491 921 592 984 vitam
609 922 684 984 leo?
733 943 799 1003 quo
815 942 950 984 nemore
967 941 1120 1002 umquam

224 1029 398 1111 exspiravit
415 1050 493 1111 aper
511 1029 640 1092 maioris
657 1029 813 1092 dentibus
830 1028 924 1111 apri?

226 1138 338 1201 indica
355 1138 449 1219 tigris
466 1138 533 1219 agit
550 1137 663 1200 rabida
682 1159 756 1200 cum
774 1138 895 1219 tigride
911 1158 1026 1219 pacem

223 1258 424 1328 perpetuam,
445 1246 551 1308 saevis
569 1246 656 1308 inter
673 1267 709 1308 se
727 1246 881 1309 convenit
899 1245 993 1308 ursis.

223 1366 274 1417 ast
292 1352 416 1417 homini
431 1354 555 1417 ferrum
572 1354 669 1417 letale
687 1353 805 1416 incude
822 1354 964 1416 nefanda
1223 1368 1270 1433 165

224 1462 416 1545 produxisse
434 1484 548 1544 parum
566 1474 628 1537 est,
647 1483 721 1525 cum
739 1473 844 1524 rastra
861 1473 893 1523 et
912 1461 1038 1527 sarcula
1053 1471 1183 1523 tantum

223 1571 351 1634 adsueti
369 1591 510 1652 coquere
527 1581 559 1634 et
578 1570 692 1633 marris
709 1591 749 1632 ac
764 1590 898 1632 vomere
915 1569 992 1632 lassi

225 1679 400 1743 nescierint
419 1679 515 1760 primi
530 1679 656 1762 gladios
674 1679 852 1741 extendere
869 1677 960 1740 fabri.

224 1787 399 1869 aspicimus
416 1788 554 1869 populos
572 1808 709 1869 quorum
728 1808 794 1848 non
812 1785 931 1848 sufficit
950 1784 1015 1848 irae

225 1895 383 1958 occidisse
400 1895 549 1976 aliquem,
570 1897 627 1957 sed
644 1906 779 1976 pectora
795 1893 947 1957 bracchia
962 1893 1090 1956 vultum
1224 1922 1271 1970 170

225 2002 420 2066 crediderint
437 2024 544 2085 genus
561 2023 635 2065 esse
653 2002 724 2065 cibi.

775 2002 852 2083 quid
869 2001 991 2063 diceret
1009 2021 1097 2083 erg0,
1176 2043 1177 2046 =

224 2112 276 2176 vel
294 2132 359 2194 quo
376 2133 442 2176 non
460 2112 599 2194 fugeret,
619 2110 647 2173 si
663 2132 752 2174 nunc
768 2111 850 2174 haec
866 2121 1014 2173 monstra
1030 2108 1154 2173 videret

228 2222 438 2305 Pythagoras,
459 2220 587 2283 cunctis
604 2219 799 2282 animalibus
815 2218 975 2282 abstinuit
993 2217 1049 2299 qui

225 2341 393 2410 tamquam
410 2327 543 2391 homine
559 2339 591 2390 et
609 2327 718 2390 ventri
735 2327 868 2389 indulsit
894 2348 960 2389 non
977 2347 1075 2389 omne
1091 2326 1270 2407 legumen?

261 2525 314 2576 157.
334 2512 427 2575 signa,
443 2512 557 2573 signal&
576 2509 608 2558 cf.
625 2525 644 2558 1.
661 2509 721 2574 1693

227 2593 264 2639 14.
282 2577 544 2642 199.—deiendier:
563 2577 664 2625 archaic
680 2577 724 2624 for

224 2646 344 2709 defendi;
374 2643 406 2692 cf.
428 2657 448 2690 1.
472 2642 518 2706 169
537 2644 722 2691 n.—isdem:

224 2727 267 2760 see
281 2712 343 2758 Intr.
356 2710 397 2772 87.

260 2791 313 2843 159.
332 2778 445 2826 maior:
479 2794 511 2826 sc.
534 2777 598 2825 than
627 2791 723 2838 among

225 2860 291 2892 men.
328 2845 394 2892 Hor.
407 2845 489 2907 Epod.
504 2857 527 2904 7.
546 2857 624 2891 11—12
644 2858 723 2905 neque

224 2913 266 2959 hic
288 2913 357 2972 lupis
380 2928 433 2959 mos
459 2927 502 2958 nec
520 2911 579 2973 fuit
602 2910 722 2964 leonibus,

225 2993 367 3040 numquam
381 2979 435 3025 nisi
444 2980 472 3026 in
484 2977 575 3037 dispar
579 2976 657 3039 feris

261 3045 314 3093 160.
325 3044 458 3108 cognatis
468 3042 599 3102 maculis,
608 3045 721 3092 hindred

224 3119 297 3173 spots,
310 3113 347 3159 ie.
360 3126 376 3159 a
389 3111 464 3160 beast
482 3111 570 3159 whose
588 3119 662 3174 spots
678 3126 722 3159 are

224 3178 277 3226 like
305 3179 338 3226 its
363 3179 593 3237 own-similis,
624 3180 655 3242 os
671 3179 723 3226 like

224 3247 320 3307 species.

261 3310 313 3371 164.
329 3313 473 3372 convenit,
481 3315 550 3361 there
558 3314 721 3374 isharmony.

260 3377 313 3426 166.
325 3380 503 3440 produxisse,
512 3388 536 3428 to
543 3381 608 3428 have
609 3379 721 3443 formed.

223 3458 366 3508 —parum
386 3454 446 3494 est:
469 3461 528 3495 men
547 3461 591 3494 are
609 3452 656 3493 not
673 3452 723 3494 sat-

223 3512 297 3560 isfied
315 3527 374 3560 now
392 3520 420 3560 to
438 3512 484 3560 kill
503 3528 537 3561 an
556 3527 647 3574 enemy
661 3511 721 3559 with

224 3580 267 3627 the
284 3579 383 3637 sword;
402 3579 443 3627 his
455 3578 524 3643 body
536 3587 606 3626 must
621 3579 677 3625 also
689 3577 721 3625 be

224 3654 307 3694 eaten.
317 3674 349 3682 -
357 3659 432 3704 cum,
445 3646 573 3706 although.

261 3712 313 3770 167.
333 3725 466 3774 coquere,
477 3712 585 3773 toforgc.
594 3739 627 3744 —
635 3710 721 3758 lassi:

224 3780 261 3826 i.e.
275 3792 360 3840 weary
372 3777 433 3825 with
447 3776 560 3839 making.

810 2509 864 2558 168.
882 2509 1047 2567 nescierint,
1067 2510 1114 2557 did
1134 2517 1178 2557 not
1196 2509 1270 2557 know

773 2577 837 2624 how.
845 2605 875 2611 -
887 2576 1050 2633 extendere,
1058 2581 1082 2621 to
1091 2575 1209 2623 hammer
1220 2582 1270 2632 out,

773 2644 878 2707 tosorge
885 2658 896 2699 ;
909 2641 942 2689 cf.
955 2640 1013 2689 Tib.
1026 2654 1046 2687 1.
1057 2655 1080 2705 3.
1091 2654 1120 2701 47
1132 2657 1176 2689 nec
1186 2657 1269 2688 ensem

774 2711 871 2757 immiti
887 2724 976 2757 saevus
993 2708 1106 2755 duxerat
1121 2715 1176 2755 arte
1185 2707 1270 2772 fizber.

775 2776 884 2835 Juvenal
905 2775 927 2822 is
947 2773 1012 2822 fond
1030 2772 1062 2842 of
1084 2774 1206 2837 recalling
1225 2774 1270 2823 the

773 2841 868 2903 golden
877 2856 939 2904 age;
956 2839 990 2888 ci.
1000 2839 1023 2888 6.
1036 2854 1113 2902 ¹·243
1133 2855 1170 2906 13.
1180 2841 1269 2905 38-59.

809 2922 862 2968 171.
879 2907 1063 2956 crediderint:
1075 2923 1110 2955 on
1118 2907 1163 2956 the
1170 2908 1270 2971 change

774 2975 802 3022 oi
814 2975 901 3032 mood,
914 2990 957 3022 see
971 2975 1033 3022 Intr.
1048 2987 1062 3040 5
1066 2989 1087 3041 5.

809 3056 862 3104 172.
880 3045 953 3092 haec
974 3051 1124 3092 monstra:
1148 3045 1185 3091 ie.
1206 3041 1270 3091 such

773 3111 877 3159 horrors
889 3126 918 3159 as
931 3112 944 3159 Ι
957 3110 1022 3158 have
1036 3109 1178 3160 described.

809 3191 862 3242 173.
883 3181 1083 3242 Pythagoras:
1102 3193 1124 3243 3.
1139 3191 1186 3241 229
1197 3194 1222 3226 n.

809 3257 863 3305 174.
882 3253 1030 3308 tamquam
1048 3245 1176 3305 homine,
1194 3261 1223 3293 as
1243 3246 1271 3309 if

773 3313 846 3375 from
858 3312 957 3360 human
963 3313 1040 3374 stesh,
1048 3315 1086 3359 ie.
1095 3313 1146 3360 lest
1157 3311 1178 3360 it
1187 3312 1271 3375 might

774 3378 878 3426 contain
895 3378 968 3426 souls
987 3378 1043 3426 that
1061 3377 1114 3426 had
1133 3393 1198 3427 once
1219 3379 1271 3427 ani-

774 3444 862 3492 mated
875 3444 973 3491 human
982 3444 1081 3500 bodies,
1092 3445 1232 3508 according
1243 3454 1270 3494 to

773 3511 813 3559 his
836 3511 954 3559 doctrine
977 3510 1006 3558 oi
1031 3511 1270 3577 metempsychosis.

772 3592 870 3626 —non
889 3592 974 3626 omne
992 3577 1147 3640 legumen:
1169 3577 1272 3626 accord-

772 3643 817 3706 ing
842 3652 870 3691 to
897 3644 1020 3692 tradition
1052 3644 1212 3708 Pythagoras
1236 3645 1271 3692 di-

773 3710 858 3758 rected
888 3711 927 3758 his
956 3710 1086 3759 followers
1116 3719 1143 3759 to
1169 3709 1271 3759 abstain

772 3775 840 3823 from
858 3776 948 3825 beans.
