2867 4325
595 335 741 384 SATVRA
766 337 791 384 X

170 521 361 583 paucorum.
411 502 570 585 quidquid
588 503 694 566 levius
712 504 873 568 meliusve
891 505 1029 588 putaris,

170 609 360 691 praebenda
376 619 428 674 est
444 610 555 693 gladio
571 612 709 693 pulchra
726 613 808 676 haec
821 622 855 676 et
873 615 1014 678 candida
1030 615 1151 680 cervix,
1166 636 1214 689 345

216 717 275 781 Nil
292 738 371 801 ergo
388 719 553 801 optabunt
569 719 747 784 homines?
773 721 803 784 si
820 721 997 786 consilium
1015 723 1075 798 vis,

169 826 346 909 permittes
363 826 445 910 ipsis
463 828 651 910 expendere
668 829 861 893 numinibus
879 831 959 913 quid

169 935 346 999 conveniat
363 936 460 1000 nobis
477 937 644 1020 rebusque
660 938 704 1001 sit
721 938 804 1002 utile
820 939 954 1003 nostris.

170 1063 247 1106 nam
264 1065 324 1126 pro
342 1044 498 1108 iucundis
515 1045 689 1127 aptissima
705 1067 858 1130 quaeque
874 1048 1001 1112 dabunt
1019 1049 1072 1125 di;

170 1151 277 1216 carior
293 1161 346 1217 est
363 1152 427 1217 illis
445 1153 545 1217 homo
562 1175 661 1237 quam
678 1155 752 1219 sibi.
801 1176 862 1220 nos
880 1156 1066 1220 animorum
1166 1178 1214 1230 350

171 1259 305 1343 inpulsu
322 1270 356 1325 et
374 1282 473 1326 caeca
489 1282 676 1345 magnaque
693 1263 850 1346 cupidine
867 1265 960 1329 ducti

170 1369 364 1452 coniugium
381 1370 526 1452 petimus
545 1380 744 1453 partumque
760 1373 882 1449 uxoris,
901 1382 935 1436 at
952 1372 1016 1436 illis

170 1486 288 1540 notum
305 1478 363 1560 qui
379 1479 473 1561 pueri
489 1478 662 1561 qualisque
677 1479 792 1543 futura
808 1480 852 1544 sit
862 1501 959 1562 uxor.

170 1595 208 1649 ut
225 1594 338 1649 tamen
356 1595 391 1650 et
408 1607 526 1669 poscas
543 1587 667 1670 aliquid
683 1608 872 1671 voveasque
889 1589 1019 1653 sacellis

171 1703 248 1758 exta
264 1704 298 1758 et
315 1695 481 1758 candiduli
498 1695 609 1759 divina
626 1696 794 1760 tomacula
811 1697 910 1779 porci,
1166 1717 1212 1770 355

171 1804 333 1867 orandum
350 1813 402 1867 est
420 1813 457 1868 ut
474 1804 518 1868 sit
536 1825 631 1868 mens
648 1825 730 1868 sana
746 1805 781 1868 in
798 1826 935 1888 corpore
953 1826 1044 1869 sano.

169 1912 292 1975 fortem
310 1932 411 1994 posce
427 1912 576 1977 animum
592 1914 711 1977 mortis
729 1922 857 1977 terrore
873 1923 1052 1989 carentem,

171 2020 228 2103 qui
246 2020 390 2102 spatium
407 2021 495 2085 vitae
511 2030 696 2085 extremum
716 2021 804 2085 inter
819 2042 959 2086 munera
974 2031 1077 2105 ponat

171 2128 319 2206 naturae,
338 2129 394 2213 qui
411 2130 499 2194 ferre
516 2139 617 2213 queat
634 2151 862 2214 quoscumque
879 2130 1020 2208 labores,

171 2239 300 2303 nesciat
317 2239 423 2315 irasci,
443 2240 554 2322 cupiat
571 2239 664 2316 nihil,
683 2250 717 2305 et
735 2240 882 2323 potiores
1166 2247 1214 2312 360

173 2348 330 2412 Herculis
347 2367 523 2412 aerumnas
540 2350 654 2412 credat
672 2369 856 2432 saevosque
873 2348 1004 2412 labores

171 2464 205 2520 et
222 2476 344 2519 venere
361 2464 396 2519 et
413 2456 505 2521 cenis
522 2465 557 2519 et
573 2456 686 2557 pluma
703 2456 942 2539 Sardanapalli.

205 2677 260 2728 344.
279 2664 425 2728 quidquid,
435 2664 578 2713 whe'ehever
589 2666 621 2729 of
626 2665 668 2715 the
719 2664 824 2723 theless,
842 2663 900 2713 that
920 2680 971 2729 you
991 2680 1049 2729 may
1066 2666 1123 2714 also
1147 2666 1213 2715 have

170 2737 220 2780 two
227 2746 239 2789 ;
257 2731 290 2779 cf.
302 2732 372 2795 queit,
385 2748 422 2780 vs.
436 2730 491 2796 338.
718 2747 792 2782 some
803 2747 895 2797 prayer
907 2739 934 2780 to
946 2731 1020 2781 offer.

204 2811 260 2862 343.
279 2799 443 2860 praebenda
476 2806 521 2847 est
554 2798 665 2847 cervix:
752 2810 807 2866 355.
827 2797 986 2849 candiduli:
1012 2798 1074 2846 Intr.
1099 2811 1131 2861 74
1153 2816 1214 2847 e.-

171 2864 298 2913 Claudius
311 2864 419 2913 ordered
431 2864 476 2913 the
488 2864 625 2913 execution
637 2865 666 2913 of
717 2865 877 2915 tomacula:
902 2880 918 2914 a
946 2864 1010 2913 kind
1039 2865 1068 2915 of
1096 2880 1213 2929 sausage.

171 2931 257 2980 Silius.
303 2931 450 2990 Narcissus,
482 2932 522 2981 his
555 2931 666 2981 favorite
720 2932 824 2981 Martial
850 2933 882 2999 (Ι.
906 2946 945 2992 41.
969 2932 1046 2996 9⁴¹0)
1070 2947 1130 2996 says
1153 2933 1214 2997 they

168 2997 312 3056 freedman,
325 2998 378 3046 had
394 2998 536 3047 Messalina
550 2999 607 3046 also
619 3007 666 3062 put
717 3015 783 3049 were
795 2998 894 3048 carried
912 2999 994 3048 about
1010 2999 1054 3047 the
1069 3006 1162 3048 streets
1173 2999 1215 3048 for

170 3071 198 3111 to
215 3063 304 3121 death,
322 3080 352 3114 as
368 3065 390 3113 if
412 3064 445 3129 by
463 3065 508 3113 the
525 3066 666 3128 emperor's
717 3067 780 3125 sale,
792 3066 820 3115 in
832 3067 879 3115 hot
891 3080 980 3115 ovens.

169 3131 317 3180 command.
751 3133 808 3198 356.
825 3147 910 3182 mens
939 3147 1010 3182 sana
1039 3133 1069 3181 in
1095 3146 1213 3197 corpore

203 3197 326 3262 346-366.
361 3198 398 3247 Be
412 3206 521 3247 content
533 3205 561 3247 to
573 3199 609 3248 let
621 3199 665 3249 the
718 3214 804 3249 sano:
828 3200 860 3248 cf.
886 3200 951 3248 Hor.
978 3202 1005 3249 C.
1030 3200 1051 3247 Ι.
1070 3213 1109 3263 31.
1134 3212 1214 3264 17-19

169 3264 236 3327 gods
258 3264 323 3314 send
341 3264 409 3314 what
427 3266 488 3331 they
506 3265 581 3314 deem
600 3265 665 3315 best.
713 3268 779 3331 frui
784 3268 888 3329 paratis
902 3274 927 3315 et
942 3268 1028 3315 valido
1044 3267 1116 3325 ertihi,
1129 3267 1213 3325 Latoe,

170 3332 236 3396 Pray
247 3331 290 3379 for
301 3331 397 3390 health,
410 3347 511 3391 reason,
525 3332 578 3381 and
594 3347 665 3382 cour·
716 3335 792 3382 dones
800 3340 828 3391 et,
833 3340 933 3395 precor,
945 3335 1043 3396 integra
1051 3350 1107 3382 eum
1115 3341 1213 3392 mente;

168 3412 224 3461 age,
243 3396 295 3445 and
312 3398 376 3447 seek
393 3398 534 3463 happiness
551 3399 664 3463 through
719 3400 779 3449 Sen.
791 3402 841 3463 Ep.
854 3414 985 3463 10.4r0ga
998 3402 1087 3449 bonam
1097 3408 1213 3459 mentem,

169 3465 259 3513 virtue.
716 3468 805 3515 bonam
824 3468 993 3515 valetudinem
1013 3469 1104 3525 animi,
1125 3469 1214 3517 deinde

202 3543 257 3593 347.
276 3532 427 3595 permittes
436 3549 442 3579 z
451 3532 484 3581 cf.
497 3532 561 3581 Hor.
574 3535 602 3582 C.
611 3533 631 3581 Ι.
640 3546 664 3595 9.
716 3540 778 3582 tune
788 3536 907 3595 emporis.

167 3611 184 3660 9
195 3600 317 3659 permitte
339 3599 407 3647 divis
427 3607 514 3648 cetera.
551 3600 603 3647 For
620 3598 665 3648 the
750 3599 805 3664 360.
819 3600 930 3650 nesciat
943 3600 1037 3661 irasci,
1050 3602 1215 3663 isincapable

167 3664 262 3722 future,
274 3678 318 3713 see
334 3664 358 3714 8.
377 3678 406 3729 37
421 3666 664 3729 n.-expendere,
716 3667 847 3731 ‹rswratn

166 3737 191 3778 to
201 3732 355 3789 determine,·
373 3747 416 3781 see
429 3733 493 3781 Intr.
509 3744 537 3796 15
550 3731 603 3781 and
617 3732 654 3781 16.
751 3733 806 3797 362.
826 3733 939 3797 pluma:
957 3734 991 3783 cf.
1005 3735 1082 3783 Mart.
1096 3735 1212 3796 Xll.¹r7.

201 3810 257 3862 354.
275 3805 374 3848 tamen
398 3807 445 3848 et:
471 3799 533 3847 take
557 3799 665 3849 submis
716 3799 841 3849 8dormit
851 3807 875 3848 et
889 3803 917 3849 in
931 3802 1026 3863 pluma
1034 3809 1215 3864 purpureoque

167 3864 247 3929 sively
259 3865 328 3914 what
340 3865 384 3914 the
397 3864 463 3929 gods
482 3866 559 3926 send;
578 3880 665 3914 never·
717 3868 1038 3931 torm-Sardanapalli:
1076 3866 1215 3929 according
